@MISC {107927,
    TITLE = {A Distributivity Law in Complete Boolean Algebras},
    AUTHOR = {Henno Brandsma},
    HOWPUBLISHED = {Mathematics Stack Exchange},
    NOTE = {URL: https://math.stackexchange.com/q/107927 (version: 2012-02-10)},
    URL = {https://math.stackexchange.com/q/107927}
}

@misc{fujidig,
    title={点列コンパクト空間の直積，タワーおよび分割},
    author={でぃぐ},
    note={URL: https://fujidig.github.io/202101-sequentially-compact/sequentially-compact.pdf}
}

@book{jech2007set,
  title={Set Theory: The Third Millennium Edition, revised and expanded},
  author={Jech, T.},
  isbn={9783540447610},
  series={Springer Monographs in Mathematics},
  url={https://books.google.co.jp/books?id=CZb-CAAAQBAJ},
  year={2007},
  publisher={Springer Berlin Heidelberg}
}

@article{simon1993products,
  title={Products of sequentially compact spaces},
  author={Simon, Petr},
  year={1993},
  publisher={Universit{\`a} degli Studi di Trieste. Dipartimento di Scienze Matematiche},
  journal = {An International Journal of Mathematics, 25},
  pages = {447-450}
}

@article{blass,
author = {Blass, Andreas},
year = {2009},
month = {12},
pages = {395-489},
title = {Combinatorial Cardinal Characteristics of the Continuum},
journal = {Handbook of Set Theory},
doi = {10.1007/978-1-4020-5764-9_7}
}